@inproceedings{carb,
 author = {Carbonell, Jaime and Goldstein, Jade},
 title = {The Use of MMR, Diversity-based Reranking for Reordering Documents and Producing Summaries},
 booktitle = {Proceedings of the 21st Annual International ACM SIGIR Conference on Research and Development in Information Retrieval},
 series = {SIGIR '98},
 year = {1998},
 isbn = {1-58113-015-5},
 location = {Melbourne, Australia},
 pages = {335--336},
 numpages = {2},
 url = {http://doi.acm.org/10.1145/290941.291025},
 doi = {10.1145/290941.291025},
 acmid = {291025},
 publisher = {ACM},
 address = {New York, NY, USA},
} 


@Misc{code,
title = {python-summarize},
OPTkey = {•},
author = {Vighnesh Birodkar and Dhruv Jawali},
OPTtitle = {python-summarize},
OPThowpublished = {•},
OPTmonth = {•},
OPTyear = {•},
OPTnote = {•},
OPTannote = {•},
url = {https://github.com/vighneshbirodkar/summarize}
}
@Book{fshock,
author = {Alvin Toffler},
ALTeditor = {•},
title = {Future Shock},
publisher = {Random House},
year = {1970},
OPTkey = {•},
OPTvolume = {•},
OPTnumber = {•},
OPTseries = {•},
OPTaddress = {•},
OPTedition = {•},
OPTmonth = {•},
OPTnote = {•},
OPTannote = {•}
}

@Misc{websize,
title = {Daily Estimated size of the world wide web},
OPTkey = {•},
OPTauthor = {•},
OPTtitle = {•},
OPThowpublished = {•},
OPTmonth = {•},
OPTyear = {•},
OPTnote = {•},
OPTannote = {•},
url = {http://www.worldwidewebsize.com/}
}

@inproceedings{textrank,
 author = {Rada Mihalcea and Paul Tarau},
 title = {Rada Mihalcea and Paul Tarau},
 booktitle = {Proceedings of the 23rd International Conference on Computational Linguistics},
 url = {https://docs.google.com/viewer?url=http%3A%2F%2Facl.ldc.upenn.edu%2Facl2004%2Femnlp%2Fpdf%2FMihalcea.pdf},

} 


@inproceedings{brin,
    author = {Sergey Brin and Lawrence Page},
    title = {The Anatomy of a Large-Scale Hypertextual Web Search Engine},
    booktitle = {COMPUTER NETWORKS AND ISDN SYSTEMS},
    year = {1998},
    pages = {107--117},
    publisher = {Elsevier Science Publishers B. V.}
}

@article{mead,
 author = {Radev, Dragomir R. and Jing, Hongyan and Stys, Malgorzata and Tam, Daniel},
 title = {Centroid-based Summarization of Multiple Documents},
 journal = {Inf. Process. Manage.},
 issue_date = {November 2004},
 volume = {40},
 number = {6},
 month = nov,
 year = {2004},
 issn = {0306-4573},
 pages = {919--938},
 numpages = {20},
 url = {http://dx.doi.org/10.1016/j.ipm.2003.10.006},
 doi = {10.1016/j.ipm.2003.10.006},
 acmid = {1036121},
 publisher = {Pergamon Press, Inc.},
 address = {Tarrytown, NY, USA},
 keywords = {centroid-based summarization, cluster-based relative utility, cross-sentence informational subsumption, multi-document summarization},
} 


@MISC{survey,
    author = {Dipanjan Das and André F. T. Martins},
    title = {A Survey on Automatic Text Summarization},
    year = {2007}
}


@inproceedings{meadsystem,
  added-at = {2009-03-18T13:40:43.000+0100},
  address = {Lisbon, Portugal},
  author = {Radev, Dragomir and Allison, Timothy and Blair-Goldensohn, Sasha and Blitzer, John and \c{C}elebi, Arda and Dimitrov, Stanko and Drabek, Elliott and Hakim, Ali and Lam, Wai and Liu, Danyu and Otterbacher, Jahna and Qi, Hong and Saggion, Horacio and Teufel, Simone and Topper, Michael and Winkel, Adam and Zhang, Zhu},
  biburl = {http://www.bibsonomy.org/bibtex/2f469763563519daae85b8b7eb2291625/om},
  booktitle = {Conference on Language Resources and Evaluation (LREC)},
  interhash = {eba769b8d73b7192809226e71dd6f062},
  intrahash = {f469763563519daae85b8b7eb2291625},
  keywords = {analysis mining opinion sentiment},
  month = May,
  timestamp = {2009-03-18T13:40:43.000+0100},
  title = {{MEAD} --- {A} platform for multidocument multilingual text summarization},
  year = 2004
}

@article{bax,
 author = {Baxendale, P. B.},
 title = {Machine-made Index for Technical Literature: An Experiment},
 journal = {IBM J. Res. Dev.},
 issue_date = {October 1958},
 volume = {2},
 number = {4},
 month = oct,
 year = {1958},
 issn = {0018-8646},
 pages = {354--361},
 numpages = {8},
 doi = {10.1147/rd.24.0354},
 acmid = {1662385},
 publisher = {IBM Corp.},
 address = {Riverton, NJ, USA},
} 

@article{edm,
 author = {Edmundson, H. P.},
 title = {New Methods in Automatic Extracting},
 journal = {J. ACM},
 issue_date = {April 1969},
 volume = {16},
 number = {2},
 month = apr,
 year = {1969},
 issn = {0004-5411},
 pages = {264--285},
 numpages = {22},
 doi = {10.1145/321510.321519},
 acmid = {321519},
 publisher = {ACM},
 address = {New York, NY, USA},
} 


@ARTICLE{lun, 
author={Luhn, H. P.}, 
journal={IBM Journal of Research and Development}, 
title={The Automatic Creation of Literature Abstracts}, 
year={1958}, 
month={Apr}, 
volume={2}, 
number={2}, 
pages={159-165}, 
doi={10.1147/rd.22.0159}, 
ISSN={0018-8646},}

@inproceedings{kup,
 author = {Kupiec, Julian and Pedersen, Jan and Chen, Francine},
 title = {A Trainable Document Summarizer},
 booktitle = {Proceedings of the 18th Annual International ACM SIGIR Conference on Research and Development in Information Retrieval},
 series = {SIGIR '95},
 year = {1995},
 isbn = {0-89791-714-6},
 location = {Seattle, Washington, USA},
 pages = {68--73},
 numpages = {6},
 doi = {10.1145/215206.215333},
 acmid = {215333},
 publisher = {ACM},
 address = {New York, NY, USA},
} 


@incollection{aone,
    author = {Aone, C. and Okurowski, M. E. and Gorlinsky, J. and Larsen, B.},
    booktitle = {Advances in Automatic Text Summarization},
    citeulike-article-id = {7716586},
    editor = {Mani, I. and Maybury, M. T.},
    keywords = {summarization},
    pages = {71-80+},
    posted-at = {2010-08-26 23:16:55},
    priority = {4},
    publisher = {MIT Press},
    title = {{A trainable summarizer with knowledge acquired from robust nlp techniques.}},
    year = {1999}
}

@MISC{linhovy,
    author = {Chin-Yew Lin And and Chin-yew Lin and Eduard Hovy},
    title = {Identifying Topics by Position},
    year = {1997}
}

@MISC{lin,
    author = {Chin-yew Lin},
    title = {Training a Selection Function for Extraction},
    year = {1999}
}

@TECHREPORT{conory,
    author = {John Conroy and Dianne P. O'leary},
    title = {Text Summarization via Hidden Markov Models and Pivoted QR Matrix Decomposition},
    institution = {In SIGIR},
    year = {2001}
}

@inproceedings{osb,
 author = {Osborne, Miles},
 title = {Using Maximum Entropy for Sentence Extraction},
 booktitle = {Proceedings of the ACL-02 Workshop on Automatic Summarization - Volume 4},
 series = {AS '02},
 year = {2002},
 location = {Phildadelphia, Pennsylvania},
 pages = {1--8},
 numpages = {8},
 doi = {10.3115/1118162.1118163},
 acmid = {1118163},
 publisher = {Association for Computational Linguistics},
 address = {Stroudsburg, PA, USA},
} 

@MISC{svore,
    author = {Krysta M. Svore},
    title = {Enhancing Single-document Summarization by Combining RankNet and Third-party Sources},
    year = {}
}

@INPROCEEDINGS{barz,
    author = {Regina Barzilay and Michael Elhadad},
    title = {Using Lexical Chains for Text Summarization},
    booktitle = {In Proceedings of the ACL Workshop on Intelligent Scalable Text Summarization},
    year = {1997},
    pages = {10--17}
}

@inproceedings{mck,
 author = {McKeown, Kathleen and Radev, Dragomir R.},
 title = {Generating Summaries of Multiple News Articles},
 booktitle = {Proceedings of the 18th Annual International ACM SIGIR Conference on Research and Development in Information Retrieval},
 series = {SIGIR '95},
 year = {1995},
 isbn = {0-89791-714-6},
 location = {Seattle, Washington, USA},
 pages = {74--82},
 numpages = {9},
 doi = {10.1145/215206.215334},
 acmid = {215334},
 publisher = {ACM},
 address = {New York, NY, USA},
 keywords = {natural language generation, natural language summarization, summarization of multiple texts},
} 


@INPROCEEDINGS{mandall,
    author = {Kathleen Mckeown and Judith L. Klavans and Vasileios Hatzivassiloglou and Regina Barzilay and Eleazar Eskin},
    title = {Towards Multidocument Summarization by Reformulation: Progress and Prospects},
    booktitle = {In Proceedings of AAAI-99},
    year = {1999},
    pages = {453--460}
}

@inproceedings{ono,
 author = {Ono, Kenji and Sumita, Kazuo and Miike, Seiji},
 title = {Abstract Generation Based on Rhetorical Structure Extraction},
 booktitle = {Proceedings of the 15th Conference on Computational Linguistics - Volume 1},
 series = {COLING '94},
 year = {1994},
 location = {Kyoto, Japan},
 pages = {344--348},
 numpages = {5},
 doi = {10.3115/991886.991946},
 acmid = {991946},
 publisher = {Association for Computational Linguistics},
 address = {Stroudsburg, PA, USA},
} 

@TECHREPORT{marc,
    author = {Daniel Marcu},
    title = {The Rhetorical Parsing, Summarization, and Generation of Natural Language Texts},
    institution = {},
    year = {1997}
}

@inproceedings{opn,
 author = {Ganesan, Kavita and Zhai, ChengXiang and Han, Jiawei},
 title = {Opinosis: A Graph-based Approach to Abstractive Summarization of Highly Redundant Opinions},
 booktitle = {Proceedings of the 23rd International Conference on Computational Linguistics},
 series = {COLING '10},
 year = {2010},
 location = {Beijing, China},
 pages = {340--348},
 numpages = {9},
 url = {http://dl.acm.org/citation.cfm?id=1873781.1873820},
 acmid = {1873820},
 publisher = {Association for Computational Linguistics},
 address = {Stroudsburg, PA, USA},
} 

@article{sklearn,
 title={Scikit-learn: Machine Learning in {P}ython},
 author={Pedregosa, F. and Varoquaux, G. and Gramfort, A. and Michel, V.
         and Thirion, B. and Grisel, O. and Blondel, M. and Prettenhofer, P.
         and Weiss, R. and Dubourg, V. and Vanderplas, J. and Passos, A. and
         Cournapeau, D. and Brucher, M. and Perrot, M. and Duchesnay, E.},
 journal={Journal of Machine Learning Research},
 volume={12},
 pages={2825--2830},
 year={2011}
}