@article{DBLP:journals/tit/IngemarssonTW82,
  author    = {Ingemar Ingemarsson and
               Donald T. Tang and
               C. K. Wong},
  title     = {A conference key distribution system},
  journal   = {IEEE Transactions on Information Theory},
  volume    = {28},
  number    = {5},
  year      = {1982},
  pages     = {714-719},
  ee        = {http://dx.doi.org/10.1109/TIT.1982.1056542},
  bibsource = {DBLP, http://dblp.uni-trier.de}
}